<?xml version="1.0" encoding="UTF-8" ?>
<collection xmlns:xsi="http://www.w3.org/2001/XMLSchema-instance" xsi:schemaLocation="http://www.loc.gov/MARC21/slim http://www.loc.gov/standards/marcxml/schema/MARC21slim.xsd" xmlns="http://www.loc.gov/MARC21/slim">
   <record>
      <leader>     cam a22        4500</leader>
      <controlfield tag="001">365290</controlfield>
      <controlfield tag="003">NIC</controlfield>
      <controlfield tag="005">20141106220652.0</controlfield>
      <controlfield tag="008">860318m19319999tu h     b    000 0cara  </controlfield>
      <datafield tag="010" ind1=" " ind2=" ">
         <subfield code="a">   59036748 </subfield>
      </datafield>
      <datafield tag="035" ind1=" " ind2=" ">
         <subfield code="a">(OCoLC)9887777</subfield>
      </datafield>
      <datafield tag="035" ind1=" " ind2=" ">
         <subfield code="a">365290</subfield>
      </datafield>
      <datafield tag="040" ind1=" " ind2=" ">
         <subfield code="c">CSt</subfield>
         <subfield code="d">CSt</subfield>
         <subfield code="d">PU</subfield>
         <subfield code="d">NIC</subfield>
      </datafield>
      <datafield tag="043" ind1=" " ind2=" ">
         <subfield code="a">aw-----</subfield>
         <subfield code="a">ff-----</subfield>
      </datafield>
      <datafield tag="050" ind1="0" ind2=" ">
         <subfield code="a">D198.3</subfield>
         <subfield code="b">.E317</subfield>
      </datafield>
      <datafield tag="100" ind1="1" ind2=" ">
         <subfield code="a">Ṣafadī, Khalīl ibn Aybak,</subfield>
         <subfield code="d">approximately 1297-1363.</subfield>
      </datafield>
      <datafield tag="245" ind1="1" ind2="4">
         <subfield code="a">Das biographische Lexikon des Ṣalāḥaddīn Ḫalīl ibn Aibak aṣ-Ṣafadī.</subfield>
      </datafield>
      <datafield tag="260" ind1=" " ind2=" ">
         <subfield code="a">Istanbul :</subfield>
         <subfield code="b">Staatsdruckerei,</subfield>
         <subfield code="c">1931-</subfield>
      </datafield>
      <datafield tag="300" ind1=" " ind2=" ">
         <subfield code="a">v. :</subfield>
         <subfield code="b">facsims. ;</subfield>
         <subfield code="c">25 cm.</subfield>
      </datafield>
      <datafield tag="490" ind1="1" ind2=" ">
         <subfield code="a">Bibliotheca Islamica ;</subfield>
         <subfield code="v">Bd. 6a-r, 6u-v, 6y, 6zb, 6zc, 6zd, 6ze</subfield>
      </datafield>
      <datafield tag="500" ind1=" " ind2=" ">
         <subfield code="a">Added t.p. in Arabic: al-Wāfī bi-al-wafayāt.</subfield>
      </datafield>
      <datafield tag="500" ind1=" " ind2=" ">
         <subfield code="a">Vol. 4 printed by Druckerei al-Hasimiya, Damaskus; Wiesbaden.</subfield>
      </datafield>
      <datafield tag="500" ind1=" " ind2=" ">
         <subfield code="a">Vol. &lt;20&gt; has: Bi-iʻtināʼ Aḥmad Ḥuṭayṭ.</subfield>
      </datafield>
      <datafield tag="500" ind1=" " ind2=" ">
         <subfield code="a">Vols. &lt;23&gt; has: Bi-iʻtināʼ Mūnīkā Ghrūnkah.</subfield>
      </datafield>
      <datafield tag="500" ind1=" " ind2=" ">
         <subfield code="a">Vols. &lt;25-26&gt; have: Bi-iʻtināʼ Muḥammad al-Ḥujayrī.</subfield>
      </datafield>
      <datafield tag="500" ind1=" " ind2=" ">
         <subfield code="a">Vols. &lt;27&gt; have: Bi-iʻtināʼ Ūtfrīd Vāyntrit.</subfield>
      </datafield>
      <datafield tag="500" ind1=" " ind2=" ">
         <subfield code="a">Vol. 28 has: Bi-iʻtināʼ Ibrāhīm Shabbūḥ.</subfield>
      </datafield>
      <datafield tag="500" ind1=" " ind2=" ">
         <subfield code="a">Vols. &lt;29&gt; have: Bi-iʻtināʼ Māhir Jarrār.</subfield>
      </datafield>
      <datafield tag="500" ind1=" " ind2=" ">
         <subfield code="a">Vols. &lt;30&gt; have: Bi-iʻtināʼ Binyāmīn Yūkish wa-Muḥammad al-Ḥujayrī.</subfield>
      </datafield>
      <datafield tag="500" ind1=" " ind2=" ">
         <subfield code="a">Vols. &lt;20, 23, 25-27, 29&gt; have: al-Ṭabʻah 1.</subfield>
      </datafield>
      <datafield tag="500" ind1=" " ind2=" ">
         <subfield code="a">Vols. &lt;26, 31-32&gt; have imprint: Bayrūt : al-Maʻhad al-Almānī lil-Abḥāth al-Sharqīyah.</subfield>
      </datafield>
      <datafield tag="500" ind1=" " ind2=" ">
         <subfield code="a">Vols. &lt;5, 13&gt; have imprint: Bayrūt : al-Maʻhad al-Almānī lil-Abḥāth al-Sharqīyah ; Vīsbādan : Yuṭlabu min Dār al-Nashr Frānz Shtāynar.</subfield>
      </datafield>
      <datafield tag="500" ind1=" " ind2=" ">
         <subfield code="a">Vol. &lt;20&gt; has imprint: Bayrūt ; Birlīn : Yuṭlabu min Dār al-Nashr Klāws Shvārts.</subfield>
      </datafield>
      <datafield tag="500" ind1=" " ind2=" ">
         <subfield code="a">Vols. &lt;25, 29&gt; have imprint: Bayrūt : al-Maʻhad al-Almānī lil-Abḥāth al-Sharqīyah ; Birlīn : Yuṭlabu min Dār al-Nashr al-Kitāb al-ʻArabī.</subfield>
      </datafield>
      <datafield tag="500" ind1=" " ind2=" ">
         <subfield code="a">Vols. &lt;23, 27&gt; have imprint: Bayrūt ; Birlīn : Yuṭlabu min Dār al-Nashr al-Kitāb al-ʻArabī.</subfield>
      </datafield>
      <datafield tag="504" ind1=" " ind2=" ">
         <subfield code="a">Includes bibliographical footnotes.</subfield>
      </datafield>
      <datafield tag="505" ind1="1" ind2=" ">
         <subfield code="a">T. 1. Muḥammad ibn Muḥammad bis Muḥammad ibn Ibrāhīm ibn &apos;Abd ar-Raḥmān, hrsg. von H. Ritter (2. Aufl.).--T. 2. Muḥammad ibn Irbāhīm ibn ʼUmar-Muḥammad ibn al-Ḥusayn ibn Muḥammad, hrsg. von  S. Dedering.--T. 3. Muḥammad ibn al-Ḥusayn-Muḥammad ibn ʻAbd Allāh, hrsg. von S. Dedering.--T. 4. Muḥammad ibn ʻUbaidallāh bis Muḥammad ibn Maḥmūd, hrsg. von S. Dedering.--T. 5. Muḥammad ibn Maḥmud bis Ibrāhīm ibn Sulaimān, hrsg. von S. Dedering.--T. 6. Ibrāhīm ibn Sahl bis Aḥmad ibn Ṭulun, hrsg. von S. Dedering.--T. 7. Aḥmad ibn At-Taiyib ibn Ḥalaf bis Aḥmad ibn Muḥammad ibn Šāra&apos;a, hrsg. von I. Arbas.--T. 8. Aḥmad ibn Muḥammad al-Marzūqī bis Isḥāq al-Andalusīya Ǧāriyat al-Mutawakkil, hrsg. von M.Y. Najm.--T. 9. Asad ibn Ibrāhīm bis Aydekīn al-Bunduqdār, hrsg. von J. Van Ess.--T. 10. Aidamur bis T̲ābit, hrsg. von A. Amara und J. Sublet.--T. 11. T̲āmir bis al-Ḥasan, hrsg. von Š. Faiṣal.</subfield>
      </datafield>
      <datafield tag="505" ind1="1" ind2=" ">
         <subfield code="a">T. 12. al-Ḥasan ibn Dāwūd bis al-Ḥusain ibn ʻAlī ibn Namā, hrsg. von R. At-Tawwāb.--T. 13. Al-Ḥusain ibn ʻAlī ibn Al-Qumm bis Ad-Duǧain ibn T̲ābit al-Yarbūʼī.--T. 14. Diḥya ibn Ḥalīfa bis Ziyād al-Acǧam, hrsg. von S. Dedering.--T. 15. Ziyād ibn al-Ašfar bis Sunayn, hrsg. von B. Radtke.--T. 16. Sahl bis Ābt̲ar, hrsg. von Wadād al-Qād̲ī.--T. 17. Ābdallāh, hrsg. von D. Krawulsky.--T. 18. ʻAbd al-Ahḥad bis ʻAbd al-ʻAzīz, hrsg. von A. Fuʼād Saiyid.--T. 19. ʻAbd al-ʻAẓīm ibn abī l-Iṣbaʻ al-ʻAdwānī.--T.20. ʻUtba Ibn Ḥaiṭma an-Nīsābūrī bis ʻAli Ibn al-Ḥusain Aš-Šarīf al-Murtaḍā.--T. 21. ʻAlī ibn Al-Ḥusain al Masʻūdī bis ʻAlī ibn Muḥammad ibn Al-Riḍā, hrsg. von M. Al-Ḥuǧaorī.--T. 22. Āli ibn Muḥammad ibn Rustam bis ʼUmar ibn Ābd an-Nasir, hrsg. von R. Baalbaki.--T.23. Umar ibn abd al-Wahhab bis Farruhsah ibn Sahinsah /herausgegeben von Monika Gronke.--T. 24. Farqad al-ʻIglī ar-Rabaʻī.--T. 25. Layla bint abī Ḥat̲ma bis al-Muʻāfā ibn Zakarīyāʼ al-Ǧarīrī, hrsg. von Muḥammad al-Ḥaǧairī.--T. 26. Al-Muʻāfā Ibn ʻUmrān Al-Mauṣilī bis Naṣrallāh Ibn Al-Ḥasan Al-Baǧdādī.-- T. 27. Naṣrullāh ibn Al-Ḥasan ibn ʻAlwān bis Al-Walīd ibn Muḥammad ibn Aḥmad -- T. 28. Al-Walīd ibn Muslim bis Yaʻqub ibn yazīd At-Tammār.-- T. 29. Yaʻqub ibn yūsuf bis yūnus ibn yūsuf.-- T. 30. Supplement --T.31-32. al-Fahāris.</subfield>
      </datafield>
      <datafield tag="650" ind1=" " ind2="0">
         <subfield code="a">Islamic countries</subfield>
         <subfield code="x">Biography.</subfield>
      </datafield>
      <datafield tag="655" ind1=" " ind2="7">
         <subfield code="a">Biography</subfield>
         <subfield code="2">fast</subfield>
         <subfield code="0">(OCoLC)fst01423686</subfield>
      </datafield>
      <datafield tag="700" ind1="1" ind2=" ">
         <subfield code="a">Ritter, Hellmut,</subfield>
         <subfield code="d">1892-1971.</subfield>
      </datafield>
      <datafield tag="700" ind1="1" ind2=" ">
         <subfield code="a">Dedering, Sven,</subfield>
         <subfield code="d">1897-</subfield>
      </datafield>
      <datafield tag="740" ind1="3" ind2=" ">
         <subfield code="a">al-Wāfī bi-al-wafayāt.</subfield>
      </datafield>
      <datafield tag="830" ind1=" " ind2="0">
         <subfield code="a">Nasharāt al-Islāmīyah ;</subfield>
         <subfield code="v">juz ̓6.</subfield>
      </datafield>
      <datafield tag="905" ind1=" " ind2=" ">
         <subfield code="a">19980313120000.0</subfield>
      </datafield>
      <datafield tag="948" ind1="2" ind2=" ">
         <subfield code="a">20130315</subfield>
         <subfield code="b">m</subfield>
         <subfield code="d">asl96</subfield>
         <subfield code="e">lts</subfield>
      </datafield>
      <datafield tag="948" ind1="0" ind2=" ">
         <subfield code="a">20131106</subfield>
         <subfield code="b">m</subfield>
         <subfield code="d">fw11</subfield>
         <subfield code="e">lts</subfield>
      </datafield>
      <datafield tag="948" ind1="2" ind2=" ">
         <subfield code="a">20141106</subfield>
         <subfield code="b">m</subfield>
         <subfield code="d">batch</subfield>
         <subfield code="e">lts</subfield>
         <subfield code="x">addfast</subfield>
      </datafield>
      <datafield tag="950" ind1=" " ind2=" ">
         <subfield code="l">OLIN</subfield>
         <subfield code="a">D198.3</subfield>
         <subfield code="b">S22</subfield>
         <subfield code="v">v.1-17; v.22</subfield>
         <subfield code="y">(1931-1984)</subfield>
         <subfield code="p">2</subfield>
         <subfield code="i">03/18/86 C</subfield>
      </datafield>
      <datafield tag="903" ind1=" " ind2=" ">
         <subfield code="a">NYUACO</subfield>
         <subfield code="d">20150423</subfield>
         <subfield code="p">31924007245602</subfield>
      </datafield>
      <datafield tag="950" ind1=" " ind2=" ">
         <subfield code="a">D198.3</subfield>
         <subfield code="b">.S22</subfield>
         <subfield code="v">v.1 </subfield>
      </datafield>
      <datafield tag="903" ind1=" " ind2=" ">
         <subfield code="a">NYUACO</subfield>
         <subfield code="d">20150423</subfield>
         <subfield code="p">31924007245610</subfield>
      </datafield>
      <datafield tag="950" ind1=" " ind2=" ">
         <subfield code="a">D198.3</subfield>
         <subfield code="b">.S22</subfield>
         <subfield code="v">v.2 </subfield>
      </datafield>
      <datafield tag="903" ind1=" " ind2=" ">
         <subfield code="a">NYUACO</subfield>
         <subfield code="d">20150423</subfield>
         <subfield code="p">31924007245628</subfield>
      </datafield>
      <datafield tag="950" ind1=" " ind2=" ">
         <subfield code="a">D198.3</subfield>
         <subfield code="b">.S22</subfield>
         <subfield code="v">v.3 </subfield>
      </datafield>
      <datafield tag="903" ind1=" " ind2=" ">
         <subfield code="a">NYUACO</subfield>
         <subfield code="d">20150423</subfield>
         <subfield code="p">31924007245636</subfield>
      </datafield>
      <datafield tag="950" ind1=" " ind2=" ">
         <subfield code="a">D198.3</subfield>
         <subfield code="b">.S22</subfield>
         <subfield code="v">v.4 </subfield>
      </datafield>
      <datafield tag="903" ind1=" " ind2=" ">
         <subfield code="a">NYUACO</subfield>
         <subfield code="d">20150423</subfield>
         <subfield code="p">31924007245644</subfield>
      </datafield>
      <datafield tag="950" ind1=" " ind2=" ">
         <subfield code="a">D198.3</subfield>
         <subfield code="b">.S22</subfield>
         <subfield code="v">v.5 </subfield>
      </datafield>
      <datafield tag="903" ind1=" " ind2=" ">
         <subfield code="a">NYUACO</subfield>
         <subfield code="d">20150423</subfield>
         <subfield code="p">31924007245651</subfield>
      </datafield>
      <datafield tag="950" ind1=" " ind2=" ">
         <subfield code="a">D198.3</subfield>
         <subfield code="b">.S22</subfield>
         <subfield code="v">v.6 </subfield>
      </datafield>
      <datafield tag="903" ind1=" " ind2=" ">
         <subfield code="a">NYUACO</subfield>
         <subfield code="d">20150423</subfield>
         <subfield code="p">31924007245669</subfield>
      </datafield>
      <datafield tag="950" ind1=" " ind2=" ">
         <subfield code="a">D198.3</subfield>
         <subfield code="b">.S22</subfield>
         <subfield code="v">v.7 </subfield>
      </datafield>
      <datafield tag="903" ind1=" " ind2=" ">
         <subfield code="a">NYUACO</subfield>
         <subfield code="d">20150423</subfield>
         <subfield code="p">31924007245677</subfield>
      </datafield>
      <datafield tag="950" ind1=" " ind2=" ">
         <subfield code="a">D198.3</subfield>
         <subfield code="b">.S22</subfield>
         <subfield code="v">v.8 </subfield>
      </datafield>
      <datafield tag="903" ind1=" " ind2=" ">
         <subfield code="a">NYUACO</subfield>
         <subfield code="d">20150423</subfield>
         <subfield code="p">31924007245685</subfield>
      </datafield>
      <datafield tag="950" ind1=" " ind2=" ">
         <subfield code="a">D198.3</subfield>
         <subfield code="b">.S22</subfield>
         <subfield code="v">v.9 </subfield>
      </datafield>
      <datafield tag="903" ind1=" " ind2=" ">
         <subfield code="a">NYUACO</subfield>
         <subfield code="d">20150423</subfield>
         <subfield code="p">31924007245693</subfield>
      </datafield>
      <datafield tag="950" ind1=" " ind2=" ">
         <subfield code="a">D198.3</subfield>
         <subfield code="b">.S22</subfield>
         <subfield code="v">v.10 </subfield>
      </datafield>
      <datafield tag="903" ind1=" " ind2=" ">
         <subfield code="a">NYUACO</subfield>
         <subfield code="d">20150423</subfield>
         <subfield code="p">31924007245701</subfield>
      </datafield>
      <datafield tag="950" ind1=" " ind2=" ">
         <subfield code="a">D198.3</subfield>
         <subfield code="b">.S22</subfield>
         <subfield code="v">v.11-12 </subfield>
      </datafield>
      <datafield tag="903" ind1=" " ind2=" ">
         <subfield code="a">NYUACO</subfield>
         <subfield code="d">20150423</subfield>
         <subfield code="p">31924007245719</subfield>
      </datafield>
      <datafield tag="950" ind1=" " ind2=" ">
         <subfield code="a">D198.3</subfield>
         <subfield code="b">.S22</subfield>
         <subfield code="v">v.13-14 </subfield>
      </datafield>
      <datafield tag="903" ind1=" " ind2=" ">
         <subfield code="a">NYUACO</subfield>
         <subfield code="d">20150423</subfield>
         <subfield code="p">31924007245727</subfield>
      </datafield>
      <datafield tag="950" ind1=" " ind2=" ">
         <subfield code="a">D198.3</subfield>
         <subfield code="b">.S22</subfield>
         <subfield code="v">v.15 </subfield>
      </datafield>
      <datafield tag="903" ind1=" " ind2=" ">
         <subfield code="a">NYUACO</subfield>
         <subfield code="d">20150423</subfield>
         <subfield code="p">31924007245735</subfield>
      </datafield>
      <datafield tag="950" ind1=" " ind2=" ">
         <subfield code="a">D198.3</subfield>
         <subfield code="b">.S22</subfield>
         <subfield code="v">v.16 </subfield>
      </datafield>
      <datafield tag="903" ind1=" " ind2=" ">
         <subfield code="a">NYUACO</subfield>
         <subfield code="d">20150423</subfield>
         <subfield code="p">31924007245743</subfield>
      </datafield>
      <datafield tag="950" ind1=" " ind2=" ">
         <subfield code="a">D198.3</subfield>
         <subfield code="b">.S22</subfield>
         <subfield code="v">v.17 </subfield>
      </datafield>
      <datafield tag="903" ind1=" " ind2=" ">
         <subfield code="a">NYUACO</subfield>
         <subfield code="d">20150423</subfield>
         <subfield code="p">31924007245750</subfield>
      </datafield>
      <datafield tag="950" ind1=" " ind2=" ">
         <subfield code="a">D198.3</subfield>
         <subfield code="b">.S22</subfield>
         <subfield code="v">v.22 </subfield>
      </datafield>
      <datafield tag="903" ind1=" " ind2=" ">
         <subfield code="a">NYUACO</subfield>
         <subfield code="d">20150423</subfield>
         <subfield code="p">31924052710773</subfield>
      </datafield>
      <datafield tag="950" ind1=" " ind2=" ">
         <subfield code="a">D198.3</subfield>
         <subfield code="b">.S22</subfield>
         <subfield code="v">T.18 </subfield>
      </datafield>
      <datafield tag="903" ind1=" " ind2=" ">
         <subfield code="a">NYUACO</subfield>
         <subfield code="d">20150423</subfield>
         <subfield code="p">31924052710781</subfield>
      </datafield>
      <datafield tag="950" ind1=" " ind2=" ">
         <subfield code="a">D198.3</subfield>
         <subfield code="b">.S22</subfield>
         <subfield code="v">T.21 </subfield>
      </datafield>
      <datafield tag="903" ind1=" " ind2=" ">
         <subfield code="a">NYUACO</subfield>
         <subfield code="d">20150423</subfield>
         <subfield code="p">31924067558431</subfield>
      </datafield>
      <datafield tag="950" ind1=" " ind2=" ">
         <subfield code="a">D198.3</subfield>
         <subfield code="b">.S22</subfield>
         <subfield code="v">T.24 </subfield>
      </datafield>
      <datafield tag="903" ind1=" " ind2=" ">
         <subfield code="a">NYUACO</subfield>
         <subfield code="d">20150423</subfield>
         <subfield code="p">31924067558605</subfield>
      </datafield>
      <datafield tag="950" ind1=" " ind2=" ">
         <subfield code="a">D198.3</subfield>
         <subfield code="b">.S22</subfield>
         <subfield code="v">T. 19 </subfield>
      </datafield>
      <datafield tag="903" ind1=" " ind2=" ">
         <subfield code="a">NYUACO</subfield>
         <subfield code="d">20150423</subfield>
         <subfield code="p">31924080921483</subfield>
      </datafield>
      <datafield tag="950" ind1=" " ind2=" ">
         <subfield code="a">D198.3</subfield>
         <subfield code="b">.S22</subfield>
         <subfield code="v">t.27 </subfield>
      </datafield>
      <datafield tag="903" ind1=" " ind2=" ">
         <subfield code="a">NYUACO</subfield>
         <subfield code="d">20150423</subfield>
         <subfield code="p">31924081340741</subfield>
      </datafield>
      <datafield tag="950" ind1=" " ind2=" ">
         <subfield code="a">D198.3</subfield>
         <subfield code="b">.S22</subfield>
         <subfield code="v">t.29 </subfield>
      </datafield>
      <datafield tag="903" ind1=" " ind2=" ">
         <subfield code="a">NYUACO</subfield>
         <subfield code="d">20150423</subfield>
         <subfield code="p">31924087902098</subfield>
      </datafield>
      <datafield tag="950" ind1=" " ind2=" ">
         <subfield code="a">D198.3</subfield>
         <subfield code="b">.S22</subfield>
         <subfield code="v">v.25 </subfield>
      </datafield>
      <datafield tag="903" ind1=" " ind2=" ">
         <subfield code="a">NYUACO</subfield>
         <subfield code="d">20150423</subfield>
         <subfield code="p">31924099081402</subfield>
      </datafield>
      <datafield tag="950" ind1=" " ind2=" ">
         <subfield code="a">D198.3</subfield>
         <subfield code="b">.S22</subfield>
         <subfield code="v">t.28 </subfield>
      </datafield>
      <datafield tag="903" ind1=" " ind2=" ">
         <subfield code="a">NYUACO</subfield>
         <subfield code="d">20150423</subfield>
         <subfield code="p">31924100342173</subfield>
      </datafield>
      <datafield tag="950" ind1=" " ind2=" ">
         <subfield code="a">D198.3</subfield>
         <subfield code="b">.S22</subfield>
         <subfield code="v">t.30 </subfield>
      </datafield>
      <datafield tag="903" ind1=" " ind2=" ">
         <subfield code="a">NYUACO</subfield>
         <subfield code="d">20150423</subfield>
         <subfield code="p">31924109849459</subfield>
      </datafield>
      <datafield tag="950" ind1=" " ind2=" ">
         <subfield code="a">D198.3</subfield>
         <subfield code="b">.S22</subfield>
         <subfield code="v">t.26 </subfield>
      </datafield>
      <datafield tag="903" ind1=" " ind2=" ">
         <subfield code="a">NYUACO</subfield>
         <subfield code="d">20150423</subfield>
         <subfield code="p">31924110747056</subfield>
      </datafield>
      <datafield tag="950" ind1=" " ind2=" ">
         <subfield code="a">D198.3</subfield>
         <subfield code="b">.S22</subfield>
         <subfield code="v">T.20 </subfield>
      </datafield>
      <datafield tag="903" ind1=" " ind2=" ">
         <subfield code="a">NYUACO</subfield>
         <subfield code="d">20150423</subfield>
         <subfield code="p">31924114443082</subfield>
      </datafield>
      <datafield tag="950" ind1=" " ind2=" ">
         <subfield code="a">D198.3</subfield>
         <subfield code="b">.S22</subfield>
         <subfield code="v">T.23 </subfield>
      </datafield>
   </record>
</collection>
